@unpublished{FGKO14,
  	author    = {Nathana{\"e}l Fijalkow and Hugo Gimbert and Edon Kelmendi and Youssouf Oualhadj},
  	title     = {Deciding the Value 1 Problem for Probabilistic Leaktight Automata},
  	year      = {2014},
}

@inproceedings{CKLB13,
  author    = {Thomas Colcombet and
               Denis Kuperberg and
               Christof L{\"o}ding and
               Michael {Vanden Boom}},
  title     = {Deciding the weak definability of B{\"u}chi definable tree
               languages},
  booktitle = {CSL},
  year      = {2013},
  pages     = {215-230},
  ee        = {http://dx.doi.org/10.4230/LIPIcs.CSL.2013.215},
notcrossref  = {DBLP:conf/csl/2013},
  bibsource = {DBLP, http://dblp.uni-trier.de}
}

@proceedings{DBLP:conf/csl/2013,
  editor    = {Simona Ronchi Della Rocca},
  title     = {Computer Science Logic 2013 (CSL 2013), CSL 2013, September
               2-5, 2013, Torino, Italy},
  booktitle = {CSL},
  publisher = {Schloss Dagstuhl - Leibniz-Zentrum fuer Informatik},
  series    = {LIPIcs},
  volume    = {23},
  year      = {2013},
  isbn      = {978-3-939897-60-6},
  ee        = {http://drops.dagstuhl.de/opus/portals/extern/index.php?semnr=13009},
  bibsource = {DBLP, http://dblp.uni-trier.de}
}

@inproceedings{Colcombet13lics,
  author    = {Thomas Colcombet},
  title     = {Magnitude Monadic Logic over Words and the Use of Relative
               Internal Set Theory},
  booktitle = {LICS},
  year      = {2013},
  pages     = {123},
  ee        = {http://doi.ieeecomputersociety.org/10.1109/LICS.2013.17},
notcrossref  = {DBLP:conf/lics/2013},
  bibsource = {DBLP, http://dblp.uni-trier.de}
}

@proceedings{DBLP:conf/lics/2013,
  title     = {28th Annual ACM/IEEE Symposium on Logic in Computer Science,
               LICS 2013, New Orleans, LA, USA, June 25-28, 2013},
  booktitle = {LICS},
  publisher = {IEEE Computer Society},
  year      = {2013},
  isbn      = {978-1-4799-0413-6},
  ee        = {http://ieeexplore.ieee.org/xpl/mostRecentIssue.jsp?punumber=6570844},
  bibsource = {DBLP, http://dblp.uni-trier.de}
}

@inproceedings{CKL10,
  author    = {Thomas Colcombet and
               Denis Kuperberg and
               Sylvain Lombardy},
  title     = {Regular Temporal Cost Functions},
  booktitle = {ICALP (2)},
  year      = {2010},
  pages     = {563-574},
  ee        = {http://dx.doi.org/10.1007/978-3-642-14162-1_47},
notcrossref  = {DBLP:conf/icalp/2010-2},
  bibsource = {DBLP, http://dblp.uni-trier.de}
}

@proceedings{DBLP:conf/icalp/2010-2,
  editor    = {Samson Abramsky and
               Cyril Gavoille and
               Claude Kirchner and
               Friedhelm {Meyer auf der Heide} and
               Paul G. Spirakis},
  title     = {Automata, Languages and Programming, 37th International
               Colloquium, ICALP 2010, Bordeaux, France, July 6-10, 2010,
               Proceedings, Part II},
  booktitle = {ICALP (2)},
  publisher = {Springer},
  series    = {Lecture Notes in Computer Science},
  volume    = {6199},
  year      = {2010},
  isbn      = {978-3-642-14161-4},
  ee        = {http://dx.doi.org/10.1007/978-3-642-14162-1},
  bibsource = {DBLP, http://dblp.uni-trier.de}
}

@inproceedings{CL10,
  author    = {Thomas Colcombet and
               Christof L{\"o}ding},
  title     = {Regular Cost Functions over Finite Trees},
  booktitle = {LICS},
  year      = {2010},
  pages     = {70-79},
  ee        = {http://doi.ieeecomputersociety.org/10.1109/LICS.2010.36},
notcrossref  = {DBLP:conf/lics/2010},
  bibsource = {DBLP, http://dblp.uni-trier.de}
}

@proceedings{DBLP:conf/lics/2010,
  title     = {Proceedings of the 25th Annual IEEE Symposium on Logic in
               Computer Science, LICS 2010, 11-14 July 2010, Edinburgh,
               United Kingdom},
  booktitle = {LICS},
  publisher = {IEEE Computer Society},
  year      = {2010},
  isbn      = {978-0-7695-4114-3},
  bibsource = {DBLP, http://dblp.uni-trier.de}
}

@inproceedings{Colcombet09,
  author    = {Thomas Colcombet},
  title     = {The Theory of Stabilisation Monoids and Regular Cost Functions},
  booktitle = {ICALP (2)},
  year      = {2009},
  pages     = {139-150},
  ee        = {http://dx.doi.org/10.1007/978-3-642-02930-1_12},
notcrossref  = {DBLP:conf/icalp/2009-2},
  bibsource = {DBLP, http://dblp.uni-trier.de}
}

@proceedings{DBLP:conf/icalp/2009-2,
  editor    = {Susanne Albers and
               Alberto Marchetti-Spaccamela and
               Yossi Matias and
               Sotiris E. Nikoletseas and
               Wolfgang Thomas},
  title     = {Automata, Languages and Programming, 36th Internatilonal
               Collogquium, ICALP 2009, Rhodes, greece, July 5-12, 2009,
               Proceedings, Part II},
  booktitle = {ICALP (2)},
  publisher = {Springer},
  series    = {Lecture Notes in Computer Science},
  volume    = {5556},
  year      = {2009},
  isbn      = {978-3-642-02929-5},
  ee        = {http://dx.doi.org/10.1007/978-3-642-02930-1},
  bibsource = {DBLP, http://dblp.uni-trier.de}
}

@article{Colcombet13,
  author    = {Thomas Colcombet},
  title     = {Regular Cost-Functions, Part {I}: Logic and Algebra over Words},
  journal   = {Logical Methods in Computer Science},
  volume    = {9},
  number    = {3},
  year      = {2013},
  ee        = {http://dx.doi.org/10.2168/LMCS-9(3:3)2013, http://arxiv.org/abs/1212.6937},
  bibsource = {DBLP, http://dblp.uni-trier.de}
}

@inproceedings{CL08b,
  author    = {Thomas Colcombet and
               Christof L{\"o}ding},
  title     = {The Non-deterministic Mostowski Hierarchy and Distance-Parity
               Automata},
  booktitle = {ICALP (2)},
  year      = {2008},
  pages     = {398-409},
  ee        = {http://dx.doi.org/10.1007/978-3-540-70583-3_33},
notcrossref  = {DBLP:conf/icalp/2008-2},
  bibsource = {DBLP, http://dblp.uni-trier.de}
}

@proceedings{DBLP:conf/icalp/2008-2,
  editor    = {Luca Aceto and
               Ivan Damg{\aa}rd and
               Leslie Ann Goldberg and
               Magn{\'u}s M. Halld{\'o}rsson and
               Anna Ing{\'o}lfsd{\'o}ttir and
               Igor Walukiewicz},
  title     = {Automata, Languages and Programming, 35th International
               Colloquium, ICALP 2008, Reykjavik, Iceland, July 7-11, 2008,
               Proceedings, Part II - Track B: Logic, Semantics, and Theory
               of Programming {\&} Track C: Security and Cryptography
               Foundations},
  booktitle = {ICALP (2)},
  publisher = {Springer},
  series    = {Lecture Notes in Computer Science},
  volume    = {5126},
  year      = {2008},
  isbn      = {978-3-540-70582-6},
  bibsource = {DBLP, http://dblp.uni-trier.de}
}

@inproceedings{KB11,
  author    = {Denis Kuperberg and
               Michael {Vanden Boom}},
  title     = {Quasi-Weak Cost Automata: A New Variant of Weakness},
  booktitle = {FSTTCS},
  year      = {2011},
  pages     = {66-77},
  ee        = {http://dx.doi.org/10.4230/LIPIcs.FSTTCS.2011.66},
notcrossref  = {DBLP:conf/fsttcs/2011},
  bibsource = {DBLP, http://dblp.uni-trier.de}
}

@proceedings{DBLP:conf/fsttcs/2011,
  editor    = {Supratik Chakraborty and
               Amit Kumar},
  title     = {IARCS Annual Conference on Foundations of Software Technology
               and Theoretical Computer Science, FSTTCS 2011, December
               12-14, 2011, Mumbai, India},
  booktitle = {FSTTCS},
  publisher = {Schloss Dagstuhl - Leibniz-Zentrum fuer Informatik},
  series    = {LIPIcs},
  volume    = {13},
  year      = {2011},
  isbn      = {978-3-939897-34-7},
  ee        = {http://drops.dagstuhl.de/portals/extern/index.php?semnr=110010},
  bibsource = {DBLP, http://dblp.uni-trier.de}
}

@inproceedings{KB12,
  author    = {Denis Kuperberg and
               Michael {Vanden Boom}},
  title     = {On the Expressive Power of Cost Logics over Infinite Words},
  booktitle = {ICALP (2)},
  year      = {2012},
  pages     = {287-298},
  ee        = {http://dx.doi.org/10.1007/978-3-642-31585-5_28},
notcrossref  = {DBLP:conf/icalp/2012-2},
  bibsource = {DBLP, http://dblp.uni-trier.de}
}

@proceedings{DBLP:conf/icalp/2012-2,
  editor    = {Artur Czumaj and
               Kurt Mehlhorn and
               Andrew M. Pitts and
               Roger Wattenhofer},
  title     = {Automata, Languages, and Programming - 39th International
               Colloquium, ICALP 2012, Warwick, UK, July 9-13, 2012, Proceedings,
               Part II},
  booktitle = {ICALP (2)},
  publisher = {Springer},
  series    = {Lecture Notes in Computer Science},
  volume    = {7392},
  year      = {2012},
  isbn      = {978-3-642-31584-8},
  ee        = {http://dx.doi.org/10.1007/978-3-642-31585-5},
  bibsource = {DBLP, http://dblp.uni-trier.de}
}

@inproceedings{Kuperberg11,
  author    = {Denis Kuperberg},
  title     = {Linear temporal logic for regular cost functions},
  booktitle = {STACS},
  year      = {2011},
  pages     = {627-636},
  ee        = {http://dx.doi.org/10.4230/LIPIcs.STACS.2011.627},
notcrossref  = {DBLP:conf/stacs/2011},
  bibsource = {DBLP, http://dblp.uni-trier.de}
}

@proceedings{DBLP:conf/stacs/2011,
  editor    = {Thomas Schwentick and
               Christoph D{\"u}rr},
  title     = {28th International Symposium on Theoretical Aspects of Computer
               Science, STACS 2011, March 10-12, 2011, Dortmund, Germany},
  booktitle = {STACS},
  publisher = {Schloss Dagstuhl - Leibniz-Zentrum fuer Informatik},
  series    = {LIPIcs},
  volume    = {9},
  year      = {2011},
  isbn      = {978-3-939897-25-5},
  bibsource = {DBLP, http://dblp.uni-trier.de}
}

@article{Kirsten02,
  author    = {Daniel Kirsten},
  title     = {The finite power problem revisited},
  journal   = {Inf. Process. Lett.},
  volume    = {84},
  number    = {6},
  year      = {2002},
  pages     = {291-294},
  ee        = {http://dx.doi.org/10.1016/S0020-0190(02)00319-8},
  bibsource = {DBLP, http://dblp.uni-trier.de}
}

@article{Kirsten05,
  author    = {Daniel Kirsten},
  title     = {Distance desert automata and the star height problem},
  journal   = {ITA},
  volume    = {39},
  number    = {3},
  year      = {2005},
  pages     = {455-509},
  ee        = {http://dx.doi.org/10.1051/ita:2005027},
  bibsource = {DBLP, http://dblp.uni-trier.de}
}

@article{Hashiguchi88,
  author    = {Kosaburo Hashiguchi},
  title     = {Algorithms for Determining Relative Star Height and Star
               Height},
  journal   = {Inf. Comput.},
  volume    = {78},
  number    = {2},
  year      = {1988},
  pages     = {124-169},
  ee        = {http://dx.doi.org/10.1016/0890-5401(88)90033-8},
  bibsource = {DBLP, http://dblp.uni-trier.de}
}

@inproceedings{FGO12,
  author    = {Nathana{\"e}l Fijalkow and
               Hugo Gimbert and
               Youssouf Oualhadj},
  title     = {Deciding the Value 1 Problem for Probabilistic Leaktight
               Automata},
  booktitle = {LICS},
  year      = {2012},
  pages     = {295-304},
  ee        = {http://dx.doi.org/10.1109/LICS.2012.40},
notcrossref  = {DBLP:conf/lics/2012},
  bibsource = {DBLP, http://dblp.uni-trier.de}
}

@proceedings{DBLP:conf/lics/2012,
  title     = {Proceedings of the 27th Annual IEEE Symposium on Logic in
               Computer Science, LICS 2012, Dubrovnik, Croatia, June 25-28,
               2012},
  booktitle = {LICS},
  publisher = {IEEE},
  year      = {2012},
  isbn      = {978-1-4673-2263-8},
  ee        = {http://ieeexplore.ieee.org/xpl/mostRecentIssue.jsp?punumber=6275587},
  bibsource = {DBLP, http://dblp.uni-trier.de}
}

@inproceedings{CL08a,
  author    = {Thomas Colcombet and
               Christof L{\"o}ding},
  title     = {The Nesting-Depth of Disjunctive {$\mu$}-Calculus for Tree Languages
and the Limitedness Problem},
  booktitle = {CSL},
  year      = {2008},
  pages     = {416-430},
  ee        = {http://dx.doi.org/10.1007/978-3-540-87531-4_30},
notcrossref  = {DBLP:conf/csl/2008},
  bibsource = {DBLP, http://dblp.uni-trier.de}
}

@proceedings{DBLP:conf/csl/2008,
  editor    = {Michael Kaminski and
               Simone Martini},
  title     = {Computer Science Logic, 22nd International Workshop, CSL
               2008, 17th Annual Conference of the EACSL, Bertinoro, Italy,
               September 16-19, 2008. Proceedings},
  booktitle = {CSL},
  publisher = {Springer},
  series    = {Lecture Notes in Computer Science},
  volume    = {5213},
  year      = {2008},
  isbn      = {978-3-540-87530-7},
  bibsource = {DBLP, http://dblp.uni-trier.de}
}

